@INPROCEEDINGS{A1, 
author={F. Oquendo}, 
booktitle={2016 IEEE International Conference on Systems, Man, and Cybernetics (SMC)}, 
title={Case study on formally describing the architecture of a Software-intensive System-of-Systems with SosADL}, 
year={2016}, 
pages={002260-002266}, 
keywords={Computer architecture;Concrete;Monitoring;Peer-to-peer computing;Rivers;Sensors;Urban areas;Architecture Description Language (ADL);Case Study;Software Architecture;SosADL;System-of-Systems (SoS)}, 
doi={10.1109/SMC.2016.7844575}, 
month={Oct},}
