@book{sandro,
	author = {Sandro bola√±os},
	title = {FIS},
	date = {date}
}
@INPROCEEDINGS{Castro, 
	author={J. B. Castro and R. G. Crespo}, 
	booktitle={2012 Workshop on Engineering Applications}, 
	title={A software architecture proposal artistic engineering environment -AEE-sandro}, 
	year={2012}, 
	pages={1-6}, 
	keywords={programming environments;software architecture;Artistic Engineering Environment framework;service-centered components;software architecture;software development;software engineering;Architecture;Art;Color;Computer architecture;Java;Robustness;Software;Software engineering;architecture;art;framework}, 
	doi={10.1109/WEA.2012.6220080}, 
	month={May},}
