
@online{gof,
	ALTauthor = {Angelfire Systems Engineering},
	ALTeditor = {Geek The Planet},
	title = {Patrones GoF},
	date = {0000},
	url = {http://geektheplanet.net/5462/patrones-gof.xhtml}
}




