
@book{pun1,
	author = {BOLAÑOS, Sandro},
	title = {Punto de Vista de Organización},
	date = {2000}
}

@book{pun2,
	author = {BOLAÑOS, Sandro},
	title = {Punto de Vista de Cooperación de Actor},
	date = {2000}
}

@book{pun3,
	author = {BOLAÑOS, Sandro},
	title = {Punto de Vista de Función de Negocio},
	date = {2000}
}

@book{pun4,
	author = {BOLAÑOS, Sandro},
	title = {Punto de Vista de Proceso de Negocio},
	date = {2000}
}

@book{pun5,
	author = {BOLAÑOS, Sandro},
	title = {Punto de Vista de Cooperación de Proceso de Negocio},
	date = {2000}
}

@book{pun6,
	author = {BOLAÑOS, Sandro},
	title = {Punto de Vista de Producto},
	date = {2000}
}

@book{pun7,
	author = {BOLAÑOS, Sandro},
	title = {Punto de Vista de Comportamiento de Aplicación},
	date = {2000}
}

@book{pun8,
	author = {BOLAÑOS, Sandro},
	title = {Punto de Vista de Cooperación de Aplicación},
	date = {2000}
}

@book{pun9,
	author = {BOLAÑOS, Sandro},
	title = {Punto de Vista de Estructura de Aplicación},
	date = {2000}
}

@book{pun10,
	author = {BOLAÑOS, Sandro},
	title = {Punto de Vista de Uso de Aplicación},
	date = {2000}
}