@book{bol_arq,
	author = {Bola√±os, s},
	title = {Arquitectura},
}
